<collection xmlns="http://www.loc.gov/MARC21/slim">
<record>
  <leader>01146nam0a22002171i 450 </leader>
  <controlfield tag="001">IT\ICCU\CNCE\046183</controlfield>
  <controlfield tag="005">20130214000000.0</controlfield>
  <datafield tag="012" ind1=" " ind2=" ">
    <subfield code="a">a.a. r.o- rss. o.m. (C) 1599 (Q)</subfield>
    <subfield code="2">fei</subfield>
  </datafield>
  <datafield tag="100" ind1=" " ind2=" ">
    <subfield code="a">19990128f1599        0itac0103    ba</subfield>
  </datafield>
  <datafield tag="101" ind1=" " ind2=" ">
    <subfield code="a">LAT</subfield>
  </datafield>
  <datafield tag="102" ind1=" " ind2=" ">
    <subfield code="a">IT</subfield>
  </datafield>
  <datafield tag="200" ind1="1" ind2=" ">
    <subfield code="a">Litaniae et preces dicendae in celebratione iubilei, a s.mo d.n.d. Clemente papa VIII initio sui pontificatus indicti ad auxilium pro salutari Sanctae Catholicae Ecclesiae regimine, &amp; pro praesentibus necessitatibus,  ̉Deo implorandum. In processionibus quae erunt diebus veneris &amp; sabbati prioris hebdomadae dicti iubilei</subfield>
  </datafield>
  <datafield tag="210" ind1=" " ind2=" ">
    <subfield code="a">Calari</subfield>
    <subfield code="c">apud Ioannem Mariam Galcerinum</subfield>
    <subfield code="d">\1599?!</subfield>
  </datafield>
  <datafield tag="215" ind1=" " ind2=" ">
    <subfield code="a">\8! c.</subfield>
    <subfield code="d">8ʻ</subfield>
  </datafield>
  <datafield tag="300" ind1=" " ind2=" ">
    <subfield code="a">Per la data cfr.: L. Balsamo, La stampa in Sardegna nei secoli XV e XVI. Con appendice di documenti e annali, p. 173</subfield>
  </datafield>
  <datafield tag="620" ind1=" " ind2=" ">
    <subfield code="a">IT</subfield>
    <subfield code="d">Cagliari</subfield>
  </datafield>
  <datafield tag="702" ind1=" " ind2="0">
    <subfield code="a">Clemens</subfield>
    <subfield code="c"> &lt;papa</subfield>
    <subfield code="c"> ; 8.&gt;</subfield>
    <subfield code="3">IT\ICCU\CNCA\000064</subfield>
  </datafield>
  <datafield tag="712" ind1="0" ind2="0">
    <subfield code="a">Galcerino, Giovanni Maria - eredi</subfield>
    <subfield code="3">IT\ICCU\CNCT\000703</subfield>
    <subfield code="4">650</subfield>
  </datafield>
  <datafield tag="790" ind1=" " ind2="1">
    <subfield code="a">Aldobrandini,</subfield>
    <subfield code="b">Ippolito</subfield>
    <subfield code="3">IT\ICCU\CNCA\007560</subfield>
    <subfield code="z">Clemens &lt;papa ; 8.&gt;</subfield>
  </datafield>
  <datafield tag="801" ind1=" " ind2="3">
    <subfield code="a">IT</subfield>
    <subfield code="b">ICCU</subfield>
    <subfield code="c">20201114</subfield>
  </datafield>
  <datafield tag="899" ind1=" " ind2=" ">
    <subfield code="a">Biblioteca universitaria. Cagliari</subfield>
    <subfield code="1">CA0194</subfield>
    <subfield code="2">CAG UC</subfield>
  </datafield>
</record>
</collection>
